%YAML 1.1
%TAG !u! tag:unity3d.com,2011:
--- !u!241 &24100000
AudioMixerController:
  m_ObjectHideFlags: 0
  m_PrefabParentObject: {fileID: 0}
  m_PrefabInternal: {fileID: 0}
  m_Name: Master Mix
  m_OutputGroup: {fileID: 0}
  m_MasterGroup: {fileID: 24300002}
  m_Snapshots:
  - {fileID: 24500006}
  m_StartSnapshot: {fileID: 24500006}
  m_SuspendThreshold: -80
  m_EnableSuspend: 1
  m_UpdateMode: 0
  m_ExposedParameters: []
  m_AudioMixerGroupViews:
  - guids:
    - 380199575e6e0824f958f9fd5c16c392
    - 764d353ec97f1644e9491519f9494333
    - 9a789e3727521a74b9ea52233330dd5f
    name: View
  m_CurrentViewIndex: 0
  m_TargetSnapshot: {fileID: 24500006}
--- !u!243 &24300002
AudioMixerGroupController:
  m_ObjectHideFlags: 0
  m_PrefabParentObject: {fileID: 0}
  m_PrefabInternal: {fileID: 0}
  m_Name: Master
  m_AudioMixer: {fileID: 24100000}
  m_GroupID: 380199575e6e0824f958f9fd5c16c392
  m_Children:
  - {fileID: 243715961775235680}
  - {fileID: 243464985994203148}
  m_Volume: c43f9b4300ddbbc4e8dbdf923c30450f
  m_Pitch: af9f53e36287009488e3b4168d7f81f1
  m_Effects:
  - {fileID: 24400004}
  m_UserColorIndex: 0
  m_Mute: 0
  m_Solo: 0
  m_BypassEffects: 0
--- !u!244 &24400004
AudioMixerEffectController:
  m_ObjectHideFlags: 3
  m_PrefabParentObject: {fileID: 0}
  m_PrefabInternal: {fileID: 0}
  m_Name: 
  m_EffectID: c5dd8bc38a421ee4ca36e1d1b2b433be
  m_EffectName: Attenuation
  m_MixLevel: 408a94115495f9d4183c2194bbc8cfff
  m_Parameters: []
  m_SendTarget: {fileID: 0}
  m_EnableWetMix: 0
  m_Bypass: 0
--- !u!245 &24500006
AudioMixerSnapshotController:
  m_ObjectHideFlags: 0
  m_PrefabParentObject: {fileID: 0}
  m_PrefabInternal: {fileID: 0}
  m_Name: Snapshot
  m_AudioMixer: {fileID: 24100000}
  m_SnapshotID: 2abbbbd60f02586459484bc04cb65091
  m_FloatValues:
    85a37b435691f0d44b9bc8a512938d29: -0
    c43f9b4300ddbbc4e8dbdf923c30450f: 0
    1987dbd6f0627374c8d4d8904d967447: -40.607674
    7f30281f4ad838143a37dd96cf34912f: -14.816608
  m_TransitionOverrides: {}
--- !u!243 &243464985994203148
AudioMixerGroupController:
  m_ObjectHideFlags: 0
  m_PrefabParentObject: {fileID: 0}
  m_PrefabInternal: {fileID: 0}
  m_Name: SoundEffects
  m_AudioMixer: {fileID: 24100000}
  m_GroupID: 9a789e3727521a74b9ea52233330dd5f
  m_Children: []
  m_Volume: 1987dbd6f0627374c8d4d8904d967447
  m_Pitch: bb61a43ab685f584b91d1678be25a95a
  m_Effects:
  - {fileID: 244619238405001660}
  m_UserColorIndex: 0
  m_Mute: 0
  m_Solo: 0
  m_BypassEffects: 0
--- !u!243 &243715961775235680
AudioMixerGroupController:
  m_ObjectHideFlags: 0
  m_PrefabParentObject: {fileID: 0}
  m_PrefabInternal: {fileID: 0}
  m_Name: Music
  m_AudioMixer: {fileID: 24100000}
  m_GroupID: 764d353ec97f1644e9491519f9494333
  m_Children: []
  m_Volume: 7f30281f4ad838143a37dd96cf34912f
  m_Pitch: 1937d5aca7320db4eb48d3cdfca0fa5d
  m_Effects:
  - {fileID: 244769946243068142}
  m_UserColorIndex: 0
  m_Mute: 0
  m_Solo: 0
  m_BypassEffects: 0
--- !u!244 &244619238405001660
AudioMixerEffectController:
  m_ObjectHideFlags: 3
  m_PrefabParentObject: {fileID: 0}
  m_PrefabInternal: {fileID: 0}
  m_Name: 
  m_EffectID: dcf2c80e2ee66b04982e7becac6974c3
  m_EffectName: Attenuation
  m_MixLevel: b9ad961ef1709364b83b0a7eda1fa8ba
  m_Parameters: []
  m_SendTarget: {fileID: 0}
  m_EnableWetMix: 0
  m_Bypass: 0
--- !u!244 &244769946243068142
AudioMixerEffectController:
  m_ObjectHideFlags: 3
  m_PrefabParentObject: {fileID: 0}
  m_PrefabInternal: {fileID: 0}
  m_Name: 
  m_EffectID: 1672818f4a37a524ababa78fdaf5700f
  m_EffectName: Attenuation
  m_MixLevel: caeba5c92e4898844a1736426dfe00e5
  m_Parameters: []
  m_SendTarget: {fileID: 0}
  m_EnableWetMix: 0
  m_Bypass: 0
